@misc{internet.fixing,
  title={Fixing the Internet},
  author={Jonathan Zittrain},
  year={2018},
  publisher={American Association for the Advancement of Science}
}

@article{p2p.survey,
author = {Androutsellis-Theotokis, Stephanos and Spinellis, Diomidis},
title = {A Survey of Peer-to-Peer Content Distribution Technologies},
year = {2004},
issue_date = {December 2004},
publisher = {Association for Computing Machinery},
address = {New York, NY, USA},
volume = {36},
number = {4},
issn = {0360-0300},
url = {https://doi.org/10.1145/1041680.1041681},
doi = {10.1145/1041680.1041681},
journal = {ACM Comput. Surv.},
month = dec,
pages = {335â€“371},
numpages = {37},
keywords = {DOLR, DHT, peer-to-peer, p2p, Content distribution, grid computing}
}

@techreport{p2p.bitcoin,
  title={Bitcoin: A peer-to-peer electronic cash system},
  author={Nakamoto, Satoshi},
  year={2019},
  institution={Manubot}
}

@inproceedings{p2p.scuttlebutt,
  title={Secure Scuttlebutt: An Identity-Centric Protocol for Subjective and Decentralized Applications},
  author={Tarr, Dominic and Lavoie, Erick and Meyer, Aljoscha and Tschudin, Christian},
  booktitle={Proceedings of the 6th ACM Conference on Information-Centric Networking},
  pages={1--11},
  year={2019}
}

@article{p2p.ipfs,
  title={Ipfs-content addressed, versioned, p2p file system},
  author={Benet, Juan},
  journal={arXiv preprint arXiv:1407.3561},
  year={2014}
}

@article{p2p.dat,
  title={The Dat Project, an open and decentralized research data tool},
  author={Robinson, Danielle C and Hand, Joe A and Madsen, Mathias Buus and McKelvey, Karissa R},
  journal={Scientific data},
  volume={5},
  number={1},
  pages={1--4},
  year={2018},
  publisher={Nature Publishing Group}
}
